@article{DBLP:journals/corr/GuHLL16,
  author    = {Shixiang Gu and
               Ethan Holly and
               Timothy P. Lillicrap and
               Sergey Levine},
  title     = {Deep Reinforcement Learning for Robotic Manipulation},
  journal   = {CoRR},
  volume    = {abs/1610.00633},
  year      = {2016},
  url       = {http://arxiv.org/abs/1610.00633},
  archivePrefix = {arXiv},
  eprint    = {1610.00633},
  timestamp = {Wed, 07 Jun 2017 14:40:31 +0200},
  biburl    = {https://dblp.org/rec/bib/journals/corr/GuHLL16},
  bibsource = {dblp computer science bibliography, https://dblp.org}
}


@article{catastrophic,
  author    = {Ronald Kemker and
               Angelina Abitino and
               Marc McClure and
               Christopher Kanan},
  title     = {Measuring Catastrophic Forgetting in Neural Networks},
  journal   = {CoRR},
  volume    = {abs/1708.02072},
  year      = {2017},
  url       = {http://arxiv.org/abs/1708.02072},
  archivePrefix = {arXiv},
  eprint    = {1708.02072},
  timestamp = {Tue, 05 Sep 2017 10:03:46 +0200},
  biburl    = {http://dblp.org/rec/bib/journals/corr/abs-1708-02072},
  bibsource = {dblp computer science bibliography, http://dblp.org}
}

@inproceedings{lerrel,
  title={Supersizing self-supervision: Learning to grasp from 50k tries and 700 robot hours},
  author={Pinto, Lerrel and Gupta, Abhinav},
  booktitle={International Conference on Robotics and Automation (ICRA)},
  year={2016},
}

@inproceedings{ot-aaib-15,
	title = {Autonomously Acquiring Instance-Based Object Models from Experience},
	author = {Oberlin, J. and Tellex, S.},
	year = {2015},
	booktitle = {International Symposium on Robotics Research}
}

@article{google_handeye,
  title={Learning hand-eye coordination for robotic grasping with deep learning and large-scale data collection},
  author={Levine, Sergey and Pastor, Peter and Krizhevsky, Alex and Ibarz, Julian and Quillen, Deirdre},
  journal={International Journal of Robotics Research (IJRR)},
  year={2016},
}

@article{alexey,
  title={Learning to act by predicting the future},
  author={Dosovitskiy, Alexey and Koltun, Vladlen},
  journal={International Conference on Learning Representations (ICLR)},
  year={2017}
}

@article{rl_survey,
  title={Reinforcement learning: A survey},
  author={Kaelbling, Leslie Pack and Littman, Michael L and Moore, Andrew W},
  journal={Journal of artificial intelligence research},
  year={1996}
}

@book{cem-rk-13,
      title={The cross-entropy method: a unified approach to combinatorial optimization, Monte-Carlo simulation and machine learning},
        author={Rubinstein, Reuven Y and Kroese, Dirk P},
          year={2013},
            publisher={Springer Science \& Business Media}
}

@inproceedings{deep_mpc,
  title={Deepmpc: Learning deep latent features for model predictive control},
  author={Lenz, Ian and Saxena, Ashutosh},
  booktitle={In RSS},
  year={2015},
  organization={Citeseer}
}

@inproceedings{dsae,
  title={Deep spatial autoencoders for visuomotor learning},
  author={Finn, Chelsea and Tan, Xin Yu and Duan, Yan and Darrell, Trevor and Levine, Sergey and Abbeel, Pieter},
  booktitle={Robotics and Automation (ICRA), 2016 IEEE International Conference on},
  year={2016},
  organization={IEEE}
}

@inproceedings{e2c,
  title={Embed to control: A locally linear latent dynamics model for control from raw images},
  author={Watter, Manuel and Springenberg, Jost and Boedecker, Joschka and Riedmiller, Martin},
  booktitle={Advances in neural information processing systems},
  year={2015}
}


@article{crashing,
  title={Learning to Fly by Crashing},
  author={Gandhi, Dhiraj and Pinto, Lerrel and Gupta, Abhinav},
  journal={arXiv preprint arXiv:1704.05588},
  year={2017}
}

@article{greg_kahn_uncertainty,
  title={Uncertainty-Aware Reinforcement Learning for Collision Avoidance},
  author={Kahn, Gregory and Villaflor, Adam and Pong, Vitchyr and Abbeel, Pieter and Levine, Sergey},
  journal={arXiv preprint arXiv:1702.01182},
  year={2017}
}

@inproceedings{vondrick,
  title={Generating videos with scene dynamics},
  author={Vondrick, Carl and Pirsiavash, Hamed and Torralba, Antonio},
  booktitle={Advances In Neural Information Processing Systems},
  year={2016}
}

@inproceedings{optical_flow_pred,
   author={Jacob Walker and Abhinav Gupta and Martial Hebert},
   title={Dense Optical Flow Prediction from a Static Image},
   booktitle={International Conference on Computer Vision (ICCV)},
   year={2015}
}

@inproceedings{convlstm,
  title={Convolutional LSTM network: A machine learning approach for precipitation nowcasting},
  author={Xingjian, SHI and Chen, Zhourong and Wang, Hao and Yeung, Dit-Yan and Wong, Wai-Kin and Woo, Wang-chun},
  booktitle={Advances in neural information processing systems},
  year={2015}
}

@article{beyond_mse,
  title={Deep multi-scale video prediction beyond mean square error},
  author={Mathieu, Michael and Couprie, Camille and LeCun, Yann},
  journal={International Conference on Learning Representations (ICLR)},
  year={2016}
}


@article{prednet,
  title={Deep predictive coding networks for video prediction and unsupervised learning},
  author={Lotter, William and Kreiman, Gabriel and Cox, David},
  journal={International Conference on Learning Representations (ICLR)},
  year={2017}
}

@article{katerina,
  title={Learning visual predictive models of physics for playing billiards},
  author={Fragkiadaki, Katerina and Agrawal, Pulkit and Levine, Sergey and Malik, Jitendra},
  journal={International Conference on Learning Representations (ICLR)},
  year={2016}
}

@inproceedings{bootsetal,
  title={Learning predictive models of a depth camera \& manipulator from raw execution traces},
  author={Boots, Byron and Byravan, Arunkumar and Fox, Dieter},
  booktitle={International Conference on Robotics and Automation (ICRA) },
  year={2014},
  organization={IEEE}
}

@article{visual_interaction_networks,
  title={Visual Interaction Networks},
  author={Watters, Nicholas and Tacchetti, Andrea and Weber, Theophane and Pascanu, Razvan and Battaglia, Peter and Zoran, Daniel},
  journal={arXiv preprint arXiv:1706.01433},
  year={2017}
}

@article{scott_reed,
  title={Parallel Multiscale Autoregressive Density Estimation},
  author={Reed, Scott and Oord, A{\"a}ron van den and Kalchbrenner, Nal and Colmenarejo, Sergio G{\'o}mez and Wang, Ziyu and Belov, Dan and de Freitas, Nando},
  journal={arXiv preprint arXiv:1703.03664},
  year={2017}
}

@article{se3,
  title={Se3-nets: Learning rigid body motion using deep neural networks},
  author={Byravan, Arunkumar and Fox, Dieter},
  journal={arXiv preprint arXiv:1606.02378},
  year={2016}
}

@article{recurrentsimulators,
  title={Recurrent Environment Simulators},
  author={Chiappa, Silvia and Racaniere, S{\'e}bastien and Wierstra, Daan and Mohamed, Shakir},
  journal={arXiv preprint arXiv:1704.02254},
  year={2017}
}

@inproceedings{dynamic_filter_networks,
  title={Dynamic filter networks},
  author={De Brabandere, Bert and Jia, Xu and Tuytelaars, Tinne and Van Gool, Luc},
  booktitle={Neural Information Processing Systems (NIPS)},
  year={2016}
}

@inproceedings{finn_nips,
  title={Unsupervised learning for physical interaction through video prediction},
  author={Finn, Chelsea and Goodfellow, Ian and Levine, Sergey},
  booktitle={Neural Information Processing Systems (NIPS)},
  year={2016}
}

@inproceedings{atarioh,
  title={Action-conditional video prediction using deep networks in atari games},
  author={Oh, Junhyuk and Guo, Xiaoxiao and Lee, Honglak and Lewis, Richard L and Singh, Satinder},
  booktitle={Advances in Neural Information Processing Systems},
  year={2015}
}

@article{permanence,
  added-at = {2008-09-16T23:39:07.000+0200},
  author = {Bogartz, Richard S. and Shinskey, Jeanne L. and Schilling, Thomas},
  description = {CCNLab BibTeX},
  interhash = {c467d03306232c5d6655a336b786ea7f},
  intrahash = {7e0fbffca8a02ee81a9332113c00aad5},
  journal = {Infancy},
  keywords = {devo, object permanence},
  timestamp = {2008-09-16T23:39:23.000+0200},
  title = {Object permanence in five-and-a-half month old infants?},
  volume = 1,
  year = 2000
}



@article{video_pixel_networks,
  title={Video pixel networks},
  author={Kalchbrenner, Nal and Oord, Aaron van den and Simonyan, Karen and Danihelka, Ivo and Vinyals, Oriol and Graves, Alex and Kavukcuoglu, Koray},
  journal={arXiv preprint arXiv:1610.00527},
  year={2016}
}

@article{ruben_honglak,
  title={Learning to Generate Long-term Future via Hierarchical Prediction},
  author={Villegas, Ruben and Yang, Jimei and Zou, Yuliang and Sohn, Sungryull and Lin, Xunyu and Lee, Honglak},
  journal={arXiv preprint arXiv:1704.05831},
  year={2017}
}

@inproceedings{pulkit,
  title={Learning to poke by poking: Experiential learning of intuitive physics},
  author={Agrawal, Pulkit and Nair, Ashvin V and Abbeel, Pieter and Malik, Jitendra and Levine, Sergey},
  booktitle={Advances in Neural Information Processing Systems},
  year={2016}
}

@inproceedings{foresight,
  title={Deep Visual Foresight for Planning Robot Motion},
  author={Finn, Chelsea and Levine, Sergey},
  booktitle={International Conference on Robotics and Automation (ICRA)},
  year={2017}
}


@article{rocky,
  title={One-shot Imitation Learning},
  author={Duan, Yan and Andrychowicz, Marcin and Stadie, Bradly and Ho, Jonathan and Schneider, Jonas and Sutskever, Ilya and Abbeel, Pieter and Zaremba, Wojciech},
  journal={arXiv preprint arXiv:1703.07326},
  year={2017},
}

@inproceedings{multitaskpolicy,
  title={Multi-task policy search for robotics},
  author={Deisenroth, Marc Peter and Englert, Peter and Peters, Jan and Fox, Dieter},
  booktitle={International Conference on Robotics and Automation (ICRA)},
  year={2014},
}

% not sure which category this falls under
@inproceedings{contextdmp,
  title={Context-Driven Movement Primitive Adaptation},
  author={Wilbers, Daniel and Lioutikov, Rudolf and Peters, Jan},
  booktitle={International Conference on Robotics and Automation (ICRA)},
  year={2017},
}

@article{adjustdmp,
  title={Reinforcement learning to adjust parametrized motor primitives to new situations},
  author={Kober, Jens and Wilhelm, Andreas and Oztop, Erhan and Peters, Jan},
  journal={Autonomous Robots},
  year={2012},
  publisher={Springer}
}

@inproceedings{transfer,
  title={Transfer learning for reinforcement learning on a physical robot},
  author={Barrett, Samuel and Taylor, Matthew E and Stone, Peter},
  booktitle={Ninth International Conference on Autonomous Agents and Multiagent Systems-Adaptive Learning Agents Workshop (AAMAS-ALA)},
  year={2010}
}

@article{invariantfeatures,
  title={Learning invariant feature spaces to transfer skills with reinforcement learning},
  author={Gupta, Abhishek and Devin, Coline and Liu, YuXuan and Abbeel, Pieter and Levine, Sergey},
  journal={International Conference on Learning Representations (ICLR)},
  year={2017}
}

@inproceedings{parametrizedskills,
  title={Learning parameterized skills},
  author={Da Silva, Bruno Castro and Konidaris, George and Barto, Andrew G},
  booktitle={in: Proceedings of International Conference of Machine Learning},
  year={2012},
  organization={Citeseer}
}

@article{tennismotions,
  title={Learning to select and generalize striking movements in robot table tennis},
  author={M{\"u}lling, Katharina and Kober, Jens and Kroemer, Oliver and Peters, Jan},
  journal={The International Journal of Robotics Research},
  year={2013},
  publisher={SAGE Publications Sage UK: London, England}
}


@article{modular,
  title={Learning modular neural network policies for multi-task and multi-robot transfer},
  author={Devin, Coline and Gupta, Abhishek and Darrell, Trevor and Abbeel, Pieter and Levine, Sergey},
  journal={International Conference on Robotics and Automation (ICRA)},
  year={2017}
}

@inproceedings{contextualpolicy,
  title={Data-efficient generalization of robot skills with contextual policy search},
  author={Kupcsik, Andras Gabor and Deisenroth, Marc Peter and Peters, Jan and Neumann, Gerhard and others},
  booktitle={AAAI Conference on Artificial Intelligence},
  year={2013}
}

@article{movement_primitives,
  title={Learning movement primitives},
  author={Schaal, Stefan and Peters, Jan and Nakanishi, Jun and Ijspeert, Auke},
  journal={Robotics Research},
  year={2005},
  publisher={Springer}
}

@article{billard,
  title={Discovering optimal imitation strategies},
  author={Billard, Aude and Epars, Yann and Calinon, Sylvain and Schaal, Stefan and Cheng, Gordon},
  journal={Robotics and autonomous systems},
  year={2004},
  publisher={Elsevier}
}
@article{hochreiter,
  title={Learning to learn using gradient descent},
  author={Hochreiter, Sepp and Younger, A and Conwell, Peter},
  journal={Artificial Neural Networks—ICANN 2001},
  year={2001},
  publisher={Springer}
}

@article{metanetworks,
  title={Meta Networks},
  author={Munkhdalai, Tsendsuren and Yu, Hong},
  journal={International Conference on Machine Learning (ICML)},
  year={2017}
}

@book{thrun,
  title={Learning to learn},
  author={Thrun, Sebastian and Pratt, Lorien},
  year={2012},
  publisher={Springer Science \& Business Media}
}

@inproceedings{safedagger,
  title={Query-Efficient Imitation Learning for End-to-End Simulated Driving.},
  author={Zhang, Jiakai and Cho, Kyunghyun},
  booktitle={AAAI},
  year={2017}
}

@inproceedings{ratliff,
  title={Imitation learning for locomotion and manipulation},
  author={Ratliff, Nathan and Bagnell, J Andrew and Srinivasa, Siddhartha S},
  booktitle={International Conference on Humanoid Robots },
  year={2007},
  organization={IEEE}
}



@inproceedings{pastor,
  title={Learning and generalization of motor skills by learning from demonstration},
  author={Pastor, Peter and Hoffmann, Heiko and Asfour, Tamim and Schaal, Stefan},
  booktitle={International Conference on Robotics and Automation (ICRA)},
  year={2009},
  organization={IEEE}
}

@inproceedings{uvfa,
  title={Universal value function approximators},
  author={Schaul, Tom and Horgan, Daniel and Gregor, Karol and Silver, David},
  booktitle={International Conference on Machine Learning (ICML)},
  year={2015}
}

@article{idsia,
  title={A machine learning approach to visual perception of forest trails for mobile robots},
  author={Giusti, Alessandro and Guzzi, J{\'e}r{\^o}me and Cire{\c{s}}an, Dan C and He, Fang-Lin and Rodr{\'\i}guez, Juan P and Fontana, Flavio and Faessler, Matthias and Forster, Christian and Schmidhuber, J{\"u}rgen and Di Caro, Gianni and others},
  journal={IEEE Robotics and Automation Letters},
  year={2016},
  publisher={IEEE}
}

@inproceedings{dagger,
  title={A Reduction of Imitation Learning and Structured Prediction to No-Regret Online Learning.},
  author={Ross, St{\'e}phane and Gordon, Geoffrey J and Bagnell, Drew},
  booktitle={AISTATS},
  year={2011}
}

@inproceedings{gcl,
  title={Guided cost learning: Deep inverse optimal control via policy optimization},
  author={Finn, Chelsea and Levine, Sergey and Abbeel, Pieter},
  booktitle={International Conference on Machine Learning (ICML)},
  year={2016}
}

@inproceedings{ngrussell,
  title={Algorithms for inverse reinforcement learning.},
  author={Ng, Andrew Y and Russell, Stuart J and others},
  booktitle={International Conference on Machine Leanring (ICML)},
  year={2000}
}

@inproceedings{shiv_laskey,
  title={Shiv: Reducing supervisor burden in dagger using support vectors for efficient learning from demonstrations in high dimensional state spaces},
  author={Laskey, Michael and Staszak, Sam and Hsieh, Wesley Yu-Shu and Mahler, Jeffrey and Pokorny, Florian T and Dragan, Anca D and Goldberg, Ken},
  booktitle={International Conference on Robotics and Automation (ICRA) },
  year={2016},
}

@article{hugo,
  title={Optimization as a model for few-shot learning},
  author={Ravi, Sachin and Larochelle, Hugo},
  journal={International Conference on Learning Representations (ICLR)},
  year={2017}
}

@inproceedings{mann,
  title={Meta-learning with memory-augmented neural networks},
  author={Santoro, Adam and Bartunov, Sergey and Botvinick, Matthew and Wierstra, Daan and Lillicrap, Timothy},
  booktitle={International Conference on Machine Learning (ICML)},
  year={2016}
}


@article{imitation_survey,
  title={Computational approaches to motor learning by imitation},
  author={Schaal, Stefan and Ijspeert, Auke and Billard, Aude},
  journal={Philosophical Transactions of the Royal Society of London B: Biological Sciences},
  year={2003},
  publisher={The Royal Society}
}


@article{pierre,
  title={Unsupervised Perceptual Rewards for Imitation Learning},
  author={Sermanet, Pierre and Xu, Kelvin and Levine, Sergey},
  journal={arXiv preprint arXiv:1612.06699},
  year={2016},
}

@article{nvidia,
  title={End to end learning for self-driving cars},
  author={Bojarski, Mariusz and Del Testa, Davide and Dworakowski, Daniel and Firner, Bernhard and Flepp, Beat and Goyal, Prasoon and Jackel, Lawrence and Monfort, Matthew and Muller, Urs and Zhang, Jiakai and Zhang, Xin and Zhao, Jake and Zieba, Karol},
  journal={arXiv preprint arXiv:1604.07316},
  year={2016},
}

@article{e2e,
  title={End-to-End Learning of Deep Visuomotor Policies},
  author={Levine, Sergey and Finn, Chelsea and Darrell, Trevor and Abbeel, Pieter},
  journal={Journal of Machine Learning Research (JMLR)},
  year={2016},
}
@inproceedings{alvinn,
   year = {1989},
   author = "D. Pomerleau",
   title = "{ALVINN:} An Autonomous Land Vehicle In a Neural Network",
   booktitle = "Advances in Neural Information Processing Systems (NIPS)",
}

@article{ropes,
  title={Combining Self-Supervised Learning and Imitation for Vision-Based Rope Manipulation},
  author={Nair, Ashvin and Agarwal, Pulkit and Chen, Dian and Isola, Phillip and Abbeel, Pieter and Levine, Sergey},
  journal={International Conference on Robotics and Automation (ICRA)},
  year={2017},
}

@article{third_person,
  title={Third-person imitation learning},
  author={Stadie, Bradly and Abbeel, Pieter and Sutskever, Ilya},
  journal={International Conference on Learning Representations (ICLR)},
  year={2017},
}

@article{maml,
  title={Model-Agnostic Meta-Learning for Fast Adaptation of Deep Networks},
  author={Finn, Chelsea and Abbeel, Pieter and Levine, Sergey},
  journal={International Conference on Machine Learning (ICML)},
  year={2017},
}



@article{McGeer01041990,
  author = {McGeer, Tad}, 
  title = {\href{http://ijr.sagepub.com/content/9/2/62.abstract}{Passive Dynamic Walking}}, 
  year = {1990}, 
  doi = {10.1177/027836499000900206}, 
  journal = {The International Journal of Robotics Research}
}

@article{kalman1960new,
  title={A new approach to linear filtering and prediction problems},
  author={Kalman, R.E.},
  journal={Journal of Basic Engineering},
  year={1960},
  publisher={Citeseer}
}


@article{ADAM,
  author    = {Diederik P. Kingma and
               Jimmy Ba},
  title     = {Adam: {A} Method for Stochastic Optimization},
  journal   = {CoRR},
  volume    = {abs/1412.6980},
  year      = {2014},
  timestamp = {Wed, 07 Jun 2017 14:40:52 +0200},
  bibsource = {dblp computer science bibliography, http://dblp.org}
}

@article{Tassa, 
author={Guang Li and B. Lennox and Zhengtao Ding}, 
booktitle={2005 International Conference on Control and Automation}, 
title={Infinite horizon model predictive control for tracking problems}, 
year={2005}, 
volume={1}, 
keywords={infinite horizon;predictive control;tracking;constrained infinite horizon model predictive control;linear quadratic tracking;nominal model predictive control;set-point tracking;tracking problem;Constraint optimization;Control systems;Cost function;Equations;Infinite horizon;Predictive control;Predictive models;Regulators;Robust stability;Sampling methods}, 
doi={10.1109/ICCA.2005.1528173}, 
ISSN={1948-3449}, 
month={June},}


@inproceedings{todorov2012mujoco,
  title={Mujoco: A physics engine for model-based control},
  author={Todorov, Emanuel and Erez, Tom and Tassa, Yuval},
  booktitle={Intelligent Robots and Systems (IROS), 2012 IEEE/RSJ International Conference on},
  pages={5026--5033},
  year={2012},
  organization={IEEE}
}

@article{grasping_fetal,
title={Fetal grasping at 16 weeks' gestation},
author={Sherer, D.},
journal={Journal of ultrasound in medicine},
year={1993},
volume={12},
number={6}
}

@inproceedings{jason2016back,
  title={Back to basics: Unsupervised learning of optical flow via brightness constancy and motion smoothness},
  author={Jason, J Yu and Harley, Adam W and Derpanis, Konstantinos G},
  booktitle={European Conference on Computer Vision},
  pages={3--10},
  year={2016},
  organization={Springer}
}

@article{wang2017occlusion,
  title={Occlusion Aware Unsupervised Learning of Optical Flow},
  author={Wang, Yang and Yang, Yi and Yang, Zhenheng and Zhao, Liang and Xu, Wei},
  journal={arXiv preprint arXiv:1711.05890},
  year={2017}
}

@article{meister2017unflow,
  title={UnFlow: Unsupervised Learning of Optical Flow with a Bidirectional Census Loss},
  author={Meister, Simon and Hur, Junhwa and Roth, Stefan},
  journal={arXiv preprint arXiv:1711.07837},
  year={2017}
}

@article{princeton_pushgrasp,
  title={Learning Synergies between Pushing and Grasping with Self-supervised Deep Reinforcement Learning},
  author={Zeng, Andy and Song, Shuran and Welker, Stefan and Lee, Johnny and Rodriguez, Alberto and Funkhouser, Thomas},
  journal={arXiv preprint arXiv:1803.09956},
  year={2018}
}

@inproceedings{babenko2009visual,
  title={Visual tracking with online multiple instance learning},
  author={Babenko, Boris and Yang, Ming-Hsuan and Belongie, Serge},
  booktitle={Computer Vision and Pattern Recognition, 2009. CVPR 2009. IEEE Conference on},
  pages={983--990},
  year={2009},
  organization={IEEE}
}


@article{anusha,
  author    = {Anusha Nagabandi and
               Gregory Kahn and
               Ronald S. Fearing and
               Sergey Levine},
  title     = {Neural Network Dynamics for Model-Based Deep Reinforcement Learning
               with Model-Free Fine-Tuning},
  journal   = {CoRR},
  volume    = {abs/1708.02596},
  year      = {2017},
  url       = {http://arxiv.org/abs/1708.02596},
  archivePrefix = {arXiv},
  eprint    = {1708.02596},
  timestamp = {Tue, 05 Sep 2017 10:03:46 +0200},
  biburl    = {http://dblp.org/rec/bib/journals/corr/abs-1708-02596},
  bibsource = {dblp computer science bibliography, http://dblp.org}
}

@article{sna,
  author    = {Frederik Ebert and
               Chelsea Finn and
               Alex X. Lee and
               Sergey Levine},
  title     = {Self-Supervised Visual Planning with Temporal Skip Connections},
  journal   = {CoRR},
  volume    = {abs/1710.05268},
  year      = {2017},
  url       = {http://arxiv.org/abs/1710.05268},
  archivePrefix = {arXiv},
  eprint    = {1710.05268},
  timestamp = {Wed, 01 Nov 2017 19:05:42 +0100},
  biburl    = {http://dblp.org/rec/bib/journals/corr/abs-1710-05268},
  bibsource = {dblp computer science bibliography, http://dblp.org}
}

@article{se3_control,
  title={{SE3-Pose-Nets}: Structured Deep Dynamics Models for Visuomotor Planning and Control},
  author={Byravan, Arunkumar and Leeb, Felix and Meier, Franziska and Fox, Dieter},
  journal={arXiv preprint arXiv:1710.00489},
  year={2017}
}


@article{PatrauceanHC15,
  author    = {Viorica Patraucean and
               Ankur Handa and
               Roberto Cipolla},
  title     = {Spatio-temporal video autoencoder with differentiable memory},
  journal   = {CoRR},
  volume    = {abs/1511.06309},
  year      = {2015},
  url       = {http://arxiv.org/abs/1511.06309},
  archivePrefix = {arXiv},
  eprint    = {1511.06309},
  timestamp = {Wed, 07 Jun 2017 14:42:27 +0200},
  biburl    = {http://dblp.org/rec/bib/journals/corr/PatrauceanHC15},
  bibsource = {dblp computer science bibliography, http://dblp.org}
}

@article{KosiorekBP17,
  author    = {Adam R. Kosiorek and
               Alex Bewley and
               Ingmar Posner},
  title     = {Hierarchical Attentive Recurrent Tracking},
  journal   = {CoRR},
  volume    = {abs/1706.09262},
  year      = {2017},
  url       = {http://arxiv.org/abs/1706.09262},
  archivePrefix = {arXiv},
  eprint    = {1706.09262},
  timestamp = {Mon, 03 Jul 2017 13:29:02 +0200},
  biburl    = {http://dblp.org/rec/bib/journals/corr/KosiorekBP17},
  bibsource = {dblp computer science bibliography, http://dblp.org}
}

@inproceedings{lerrel,
  title={Supersizing self-supervision: Learning to grasp from 50k tries and 700 robot hours},
  author={Pinto, Lerrel and Gupta, Abhinav},
  booktitle={International Conference on Robotics and Automation (ICRA)},
  year={2016},
}

@inproceedings{ot-aaib-15,
	title = {Autonomously Acquiring Instance-Based Object Models from Experience},
	author = {Oberlin, J. and Tellex, S.},
	year = {2015},
	booktitle = {International Symposium on Robotics Research}
}

@article{google_handeye,
  title={Learning hand-eye coordination for robotic grasping with deep learning and large-scale data collection},
  author={Levine, Sergey and Pastor, Peter and Krizhevsky, Alex and Ibarz, Julian and Quillen, Deirdre},
  journal={International Journal of Robotics Research (IJRR)},
  year={2016},
}

@article{alexey,
  title={Learning to act by predicting the future},
  author={Dosovitskiy, Alexey and Koltun, Vladlen},
  journal={International Conference on Learning Representations (ICLR)},
  year={2017}
}

@article{rl_survey,
  title={Reinforcement learning: A survey},
  author={Kaelbling, Leslie Pack and Littman, Michael L and Moore, Andrew W},
  journal={Journal of artificial intelligence research},
  year={1996}
}

@book{cem-rk-13,
      title={The cross-entropy method: a unified approach to combinatorial optimization, Monte-Carlo simulation and machine learning},
        author={Rubinstein, Reuven Y and Kroese, Dirk P},
          year={2013},
            publisher={Springer Science \& Business Media}
}

@inproceedings{dsae,
  title={Deep spatial autoencoders for visuomotor learning},
  author={Finn, Chelsea and Tan, Xin Yu and Duan, Yan and Darrell, Trevor and Levine, Sergey and Abbeel, Pieter},
  booktitle={Robotics and Automation (ICRA), 2016 IEEE International Conference on},
  year={2016},
  organization={IEEE}
}

@inproceedings{e2c,
  title={Embed to control: A locally linear latent dynamics model for control from raw images},
  author={Watter, Manuel and Springenberg, Jost and Boedecker, Joschka and Riedmiller, Martin},
  booktitle={Advances in neural information processing systems},
  year={2015}
}

% MPC
@book{camacho2013model,
  title={Model predictive control},
  author={Camacho, Eduardo F and Alba, Carlos Bordons},
  year={2013},
  publisher={Springer Science \& Business Media}
}

@inproceedings{howard2010receding,
  title={Receding horizon model-predictive control for mobile robot navigation of intricate paths},
  author={Howard, Thomas M and Green, Colin J and Kelly, Alonzo},
  booktitle={Field and Service Robotics},
  pages={69--78},
  year={2010},
  organization={Springer}
}

@inproceedings{shim2003decentralized,
  title={Decentralized nonlinear model predictive control of multiple flying robots},
  author={Shim, David H and Kim, H Jin and Sastry, Shankar},
  booktitle={Decision and control, 2003. Proceedings. 42nd IEEE conference on},
  volume={4},
  pages={3621--3626},
  year={2003},
  organization={IEEE}
}

@article{allibert2010predictive,
  title={Predictive control for constrained image-based visual servoing},
  author={Allibert, Guillaume and Courtial, Estelle and Chaumette, Fran{\c{c}}ois},
  journal={IEEE Transactions on Robotics},
  volume={26},
  number={5},
  pages={933--939},
  year={2010},
  publisher={IEEE}
}

@inproceedings{williams2017information,
  title={Information theoretic mpc for model-based reinforcement learning},
  author={Williams, Grady and Wagener, Nolan and Goldfain, Brian and Drews, Paul and Rehg, James M and Boots, Byron and Theodorou, Evangelos A},
  booktitle={Robotics and Automation (ICRA), 2017 IEEE International Conference on},
  pages={1714--1721},
  year={2017},
  organization={IEEE}
}

@inproceedings{deep_mpc,
  title={Deepmpc: Learning deep latent features for model predictive control},
  author={Lenz, Ian and Saxena, Ashutosh},
  booktitle={In RSS},
  year={2015},
  organization={Citeseer}
}

% visual servoing
@article{hutchinson1996tutorial,
  title={A tutorial on visual servo control},
  author={Hutchinson, Seth and Hager, Gregory D and Corke, Peter I},
  journal={IEEE transactions on robotics and automation},
  volume={12},
  number={5},
  pages={651--670},
  year={1996},
  publisher={IEEE}
}

@article{kragic2002survey,
  title={Survey on visual servoing for manipulation},
  author={Kragic, Danica and Christensen, Henrik I},
  journal={Computational Vision and Active Perception Laboratory, Fiskartorpsv},
  volume={15},
  year={2002},
  publisher={Citeseer}
}

@article{desouza2002survey,
  title={Vision for mobile robot navigation: A survey},
  author={DeSouza, Guilherme N and Kak, Avinash C},
  journal={IEEE transactions on pattern analysis and machine intelligence},
  volume={24},
  number={2},
  pages={237--267},
  year={2002},
  publisher={IEEE}
}

@article{feddema1989vision,
  title={Vision-guided servoing with feature-based trajectory generation (for robots)},
  author={Feddema, John T and Mitchell, Owen Robert},
  journal={IEEE Transactions on Robotics and Automation},
  volume={5},
  number={5},
  pages={691--700},
  year={1989},
  publisher={IEEE}
}

@article{espiau1992servo,
  title={A new approach to visual servoing in robotics},
  author={Espiau, Bernard and Chaumette, Francois and Rives, Patrick},
  journal={IEEE Transactions on Robotics and Automation},
  volume={8},
  number={3},
  pages={313--326},
  year={1992},
  publisher={IEEE}
}

@article{wilson1996relative,
  title={Relative end-effector control using cartesian position based visual servoing},
  author={Wilson, William J and Williams Hulls, Carol C and Bell, Graham S},
  journal={IEEE Transactions on Robotics and Automation},
  volume={12},
  number={5},
  pages={684--696},
  year={1996},
  publisher={IEEE}
}

@article{caron2013photometric,
  title={Photometric visual servoing for omnidirectional cameras},
  author={Caron, Guillaume and Marchand, Eric and Mouaddib, El Mustapha},
  journal={Autonomous Robots},
  volume={35},
  number={2-3},
  pages={177--193},
  year={2013},
  publisher={Springer}
}

@inproceedings{saxena2017servoing,
  title={Exploring convolutional networks for end-to-end visual servoing},
  author={Saxena, Aseem and Pandya, Harit and Kumar, Gourav and Gaud, Ayush and Krishna, K Madhava},
  booktitle={International Conference on Robotics and Automation (ICRA)},
  year={2017},
}

@inproceedings{bateux2018servoing,
  title={Visual servoing from deep neural networks},
  author={Bateux, Quentin and Marchand, Eric and Leitner, Jurgen and Chaumette, Fran{\c{c}}ois},
  booktitle={International Conference on Robotics and Automation (ICRA)},
  year={2018},
}

@article{lee2017servoing,
  title={Learning visual servoing with deep features and fitted {Q}-iteration},
  author={Lee, Alex X and Levine, Sergey and Abbeel, Pieter},
  journal={International Conference on Learning Representations (ICLR)},
  year={2017}
}


@article{crashing,
  title={Learning to Fly by Crashing},
  author={Gandhi, Dhiraj and Pinto, Lerrel and Gupta, Abhinav},
  journal={arXiv preprint arXiv:1704.05588},
  year={2017}
}

@article{greg_kahn_uncertainty,
  title={Uncertainty-Aware Reinforcement Learning for Collision Avoidance},
  author={Kahn, Gregory and Villaflor, Adam and Pong, Vitchyr and Abbeel, Pieter and Levine, Sergey},
  journal={arXiv preprint arXiv:1702.01182},
  year={2017}
}

@inproceedings{vondrick,
  title={Generating videos with scene dynamics},
  author={Vondrick, Carl and Pirsiavash, Hamed and Torralba, Antonio},
  booktitle={Advances In Neural Information Processing Systems},
  year={2016}
}

@inproceedings{optical_flow_pred,
   author={Jacob Walker and Abhinav Gupta and Martial Hebert},
   title={Dense Optical Flow Prediction from a Static Image},
   booktitle={International Conference on Computer Vision (ICCV)},
   year={2015}
}

@inproceedings{convlstm,
  title={Convolutional LSTM network: A machine learning approach for precipitation nowcasting},
  author={Xingjian, SHI and Chen, Zhourong and Wang, Hao and Yeung, Dit-Yan and Wong, Wai-Kin and Woo, Wang-chun},
  booktitle={Advances in neural information processing systems},
  year={2015}
}

@article{beyond_mse,
  title={Deep multi-scale video prediction beyond mean square error},
  author={Mathieu, Michael and Couprie, Camille and LeCun, Yann},
  journal={International Conference on Learning Representations (ICLR)},
  year={2016}
}

@article{lucas1981iterative,
  title={An iterative image registration technique with an application to stereo vision},
  author={Lucas, Bruce D and Kanade, Takeo and others},
  year={1981},
  publisher={Vancouver, BC, Canada}
}

@inproceedings{mei2009robust,
  title={Robust visual tracking using ℓ 1 minimization},
  author={Mei, Xue and Ling, Haibin},
  booktitle={Computer Vision, 2009 IEEE 12th International Conference on},
  pages={1436--1443},
  year={2009},
  organization={IEEE}
}

@article{prednet,
  title={Deep predictive coding networks for video prediction and unsupervised learning},
  author={Lotter, William and Kreiman, Gabriel and Cox, David},
  journal={International Conference on Learning Representations (ICLR)},
  year={2017}
}

@inproceedings{brox2004high,
  title={High accuracy optical flow estimation based on a theory for warping},
  author={Brox, Thomas and Bruhn, Andr{\'e}s and Papenberg, Nils and Weickert, Joachim},
  booktitle={European conference on computer vision},
  year={2004},
  organization={Springer}
}

@article{savp,
  title={Stochastic Adversarial Video Prediction},
  author={Lee, Alex X and Zhang, Richard and Ebert, Frederik and Abbeel, Pieter and Finn, Chelsea and Levine, Sergey},
  journal={arXiv preprint arXiv:1804.01523},
  year={2018}
}

@inproceedings{jagersand1995visual,
  title={Visual space task specification, planning and control},
  author={Jagersand, Martin and Nelson, Randal},
  booktitle={International Symposium on Computer Vision},
  year={1995},
}

@inproceedings{deguchi1999image,
  title={Image-based simultaneous control of robot and target object motions by direct-image-interpretation method},
  author={Deguchi, Koichiro and Takahashi, Isao},
  booktitle={International Conference on Intelligent Robots and Systems (IROS)},
  year={1999},
}

@article{katerina,
  title={Learning visual predictive models of physics for playing billiards},
  author={Fragkiadaki, Katerina and Agrawal, Pulkit and Levine, Sergey and Malik, Jitendra},
  journal={International Conference on Learning Representations (ICLR)},
  year={2016}
}

@inproceedings{bootsetal,
  title={Learning predictive models of a depth camera \& manipulator from raw execution traces},
  author={Boots, Byron and Byravan, Arunkumar and Fox, Dieter},
  booktitle={International Conference on Robotics and Automation (ICRA) },
  year={2014},
  organization={IEEE}
}

@article{visual_interaction_networks,
  title={Visual Interaction Networks},
  author={Watters, Nicholas and Tacchetti, Andrea and Weber, Theophane and Pascanu, Razvan and Battaglia, Peter and Zoran, Daniel},
  journal={arXiv preprint arXiv:1706.01433},
  year={2017}
}

@article{scott_reed,
  title={Parallel Multiscale Autoregressive Density Estimation},
  author={Reed, Scott and Oord, A{\"a}ron van den and Kalchbrenner, Nal and Colmenarejo, Sergio G{\'o}mez and Wang, Ziyu and Belov, Dan and de Freitas, Nando},
  journal={arXiv preprint arXiv:1703.03664},
  year={2017}
}

@article{se3,
  title={Se3-nets: Learning rigid body motion using deep neural networks},
  author={Byravan, Arunkumar and Fox, Dieter},
  journal={arXiv preprint arXiv:1606.02378},
  year={2016}
}

@article{recurrentsimulators,
  title={Recurrent Environment Simulators},
  author={Chiappa, Silvia and Racaniere, S{\'e}bastien and Wierstra, Daan and Mohamed, Shakir},
  journal={arXiv preprint arXiv:1704.02254},
  year={2017}
}

@inproceedings{dynamic_filter_networks,
  title={Dynamic filter networks},
  author={De Brabandere, Bert and Jia, Xu and Tuytelaars, Tinne and Van Gool, Luc},
  booktitle={Neural Information Processing Systems (NIPS)},
  year={2016}
}

@inproceedings{finn_nips,
  title={Unsupervised learning for physical interaction through video prediction},
  author={Finn, Chelsea and Goodfellow, Ian and Levine, Sergey},
  booktitle={Neural Information Processing Systems (NIPS)},
  year={2016}
}

@inproceedings{stanford_navigation,
  title={Target-driven visual navigation in indoor scenes using deep reinforcement learning},
  author={Zhu, Yuke and Mottaghi, Roozbeh and Kolve, Eric and Lim, Joseph J and Gupta, Abhinav and Fei-Fei, Li and Farhadi, Ali},
  booktitle={International Conference on Robotics and Automation (ICRA)},
  year={2017},
  organization={IEEE}
}

@inproceedings{atarioh,
  title={Action-conditional video prediction using deep networks in atari games},
  author={Oh, Junhyuk and Guo, Xiaoxiao and Lee, Honglak and Lewis, Richard L and Singh, Satinder},
  booktitle={Advances in Neural Information Processing Systems},
  year={2015}
}

@article{permanence,
  added-at = {2008-09-16T23:39:07.000+0200},
  author = {Bogartz, Richard S. and Shinskey, Jeanne L. and Schilling, Thomas},
  description = {CCNLab BibTeX},
  interhash = {c467d03306232c5d6655a336b786ea7f},
  intrahash = {7e0fbffca8a02ee81a9332113c00aad5},
  journal = {Infancy},
  keywords = {devo, object permanence},
  timestamp = {2008-09-16T23:39:23.000+0200},
  title = {Object permanence in five-and-a-half month old infants?},
  volume = 1,
  year = 2000
}



@article{video_pixel_networks,
  title={Video pixel networks},
  author={Kalchbrenner, Nal and Oord, Aaron van den and Simonyan, Karen and Danihelka, Ivo and Vinyals, Oriol and Graves, Alex and Kavukcuoglu, Koray},
  journal={arXiv preprint arXiv:1610.00527},
  year={2016}
}

@article{ruben_honglak,
  title={Learning to Generate Long-term Future via Hierarchical Prediction},
  author={Villegas, Ruben and Yang, Jimei and Zou, Yuliang and Sohn, Sungryull and Lin, Xunyu and Lee, Honglak},
  journal={arXiv preprint arXiv:1704.05831},
  year={2017}
}

@inproceedings{pulkit,
  title={Learning to poke by poking: Experiential learning of intuitive physics},
  author={Agrawal, Pulkit and Nair, Ashvin V and Abbeel, Pieter and Malik, Jitendra and Levine, Sergey},
  booktitle={Advances in Neural Information Processing Systems},
  year={2016}
}

@inproceedings{foresight,
  title={Deep Visual Foresight for Planning Robot Motion},
  author={Finn, Chelsea and Levine, Sergey},
  booktitle={International Conference on Robotics and Automation (ICRA)},
  year={2017}
}


@article{rocky,
  title={One-shot Imitation Learning},
  author={Duan, Yan and Andrychowicz, Marcin and Stadie, Bradly and Ho, Jonathan and Schneider, Jonas and Sutskever, Ilya and Abbeel, Pieter and Zaremba, Wojciech},
  journal={arXiv preprint arXiv:1703.07326},
  year={2017},
}

@inproceedings{multitaskpolicy,
  title={Multi-task policy search for robotics},
  author={Deisenroth, Marc Peter and Englert, Peter and Peters, Jan and Fox, Dieter},
  booktitle={International Conference on Robotics and Automation (ICRA)},
  year={2014},
}

% not sure which category this falls under
@inproceedings{contextdmp,
  title={Context-Driven Movement Primitive Adaptation},
  author={Wilbers, Daniel and Lioutikov, Rudolf and Peters, Jan},
  booktitle={International Conference on Robotics and Automation (ICRA)},
  year={2017},
}

@article{adjustdmp,
  title={Reinforcement learning to adjust parametrized motor primitives to new situations},
  author={Kober, Jens and Wilhelm, Andreas and Oztop, Erhan and Peters, Jan},
  journal={Autonomous Robots},
  year={2012},
  publisher={Springer}
}

@inproceedings{transfer,
  title={Transfer learning for reinforcement learning on a physical robot},
  author={Barrett, Samuel and Taylor, Matthew E and Stone, Peter},
  booktitle={Ninth International Conference on Autonomous Agents and Multiagent Systems-Adaptive Learning Agents Workshop (AAMAS-ALA)},
  year={2010}
}

@article{invariantfeatures,
  title={Learning invariant feature spaces to transfer skills with reinforcement learning},
  author={Gupta, Abhishek and Devin, Coline and Liu, YuXuan and Abbeel, Pieter and Levine, Sergey},
  journal={International Conference on Learning Representations (ICLR)},
  year={2017}
}

@inproceedings{parametrizedskills,
  title={Learning parameterized skills},
  author={Da Silva, Bruno Castro and Konidaris, George and Barto, Andrew G},
  booktitle={in: Proceedings of International Conference of Machine Learning},
  year={2012},
  organization={Citeseer}
}

@article{tennismotions,
  title={Learning to select and generalize striking movements in robot table tennis},
  author={M{\"u}lling, Katharina and Kober, Jens and Kroemer, Oliver and Peters, Jan},
  journal={The International Journal of Robotics Research},
  year={2013},
  publisher={SAGE Publications Sage UK: London, England}
}


@article{modular,
  title={Learning modular neural network policies for multi-task and multi-robot transfer},
  author={Devin, Coline and Gupta, Abhishek and Darrell, Trevor and Abbeel, Pieter and Levine, Sergey},
  journal={International Conference on Robotics and Automation (ICRA)},
  year={2017}
}

@inproceedings{contextualpolicy,
  title={Data-efficient generalization of robot skills with contextual policy search},
  author={Kupcsik, Andras Gabor and Deisenroth, Marc Peter and Peters, Jan and Neumann, Gerhard and others},
  booktitle={AAAI Conference on Artificial Intelligence},
  year={2013}
}

@article{movement_primitives,
  title={Learning movement primitives},
  author={Schaal, Stefan and Peters, Jan and Nakanishi, Jun and Ijspeert, Auke},
  journal={Robotics Research},
  year={2005},
  publisher={Springer}
}

@article{billard,
  title={Discovering optimal imitation strategies},
  author={Billard, Aude and Epars, Yann and Calinon, Sylvain and Schaal, Stefan and Cheng, Gordon},
  journal={Robotics and autonomous systems},
  year={2004},
  publisher={Elsevier}
}
@article{hochreiter,
  title={Learning to learn using gradient descent},
  author={Hochreiter, Sepp and Younger, A and Conwell, Peter},
  journal={Artificial Neural Networks—ICANN 2001},
  year={2001},
  publisher={Springer}
}

@article{metanetworks,
  title={Meta Networks},
  author={Munkhdalai, Tsendsuren and Yu, Hong},
  journal={International Conference on Machine Learning (ICML)},
  year={2017}
}

@book{thrun,
  title={Learning to learn},
  author={Thrun, Sebastian and Pratt, Lorien},
  year={2012},
  publisher={Springer Science \& Business Media}
}

@inproceedings{safedagger,
  title={Query-Efficient Imitation Learning for End-to-End Simulated Driving.},
  author={Zhang, Jiakai and Cho, Kyunghyun},
  booktitle={AAAI},
  year={2017}
}

@inproceedings{ratliff,
  title={Imitation learning for locomotion and manipulation},
  author={Ratliff, Nathan and Bagnell, J Andrew and Srinivasa, Siddhartha S},
  booktitle={International Conference on Humanoid Robots },
  year={2007},
  organization={IEEE}
}



@inproceedings{pastor,
  title={Learning and generalization of motor skills by learning from demonstration},
  author={Pastor, Peter and Hoffmann, Heiko and Asfour, Tamim and Schaal, Stefan},
  booktitle={International Conference on Robotics and Automation (ICRA)},
  year={2009},
  organization={IEEE}
}

@inproceedings{uvfa,
  title={Universal value function approximators},
  author={Schaul, Tom and Horgan, Daniel and Gregor, Karol and Silver, David},
  booktitle={International Conference on Machine Learning (ICML)},
  year={2015}
}

@article{idsia,
  title={A machine learning approach to visual perception of forest trails for mobile robots},
  author={Giusti, Alessandro and Guzzi, J{\'e}r{\^o}me and Cire{\c{s}}an, Dan C and He, Fang-Lin and Rodr{\'\i}guez, Juan P and Fontana, Flavio and Faessler, Matthias and Forster, Christian and Schmidhuber, J{\"u}rgen and Di Caro, Gianni and others},
  journal={IEEE Robotics and Automation Letters},
  year={2016},
  publisher={IEEE}
}

@inproceedings{dagger,
  title={A Reduction of Imitation Learning and Structured Prediction to No-Regret Online Learning.},
  author={Ross, St{\'e}phane and Gordon, Geoffrey J and Bagnell, Drew},
  booktitle={AISTATS},
  year={2011}
}

@inproceedings{gcl,
  title={Guided cost learning: Deep inverse optimal control via policy optimization},
  author={Finn, Chelsea and Levine, Sergey and Abbeel, Pieter},
  booktitle={International Conference on Machine Learning (ICML)},
  year={2016}
}

@inproceedings{ngrussell,
  title={Algorithms for inverse reinforcement learning.},
  author={Ng, Andrew Y and Russell, Stuart J and others},
  booktitle={International Conference on Machine Leanring (ICML)},
  year={2000}
}

@inproceedings{shiv_laskey,
  title={Shiv: Reducing supervisor burden in dagger using support vectors for efficient learning from demonstrations in high dimensional state spaces},
  author={Laskey, Michael and Staszak, Sam and Hsieh, Wesley Yu-Shu and Mahler, Jeffrey and Pokorny, Florian T and Dragan, Anca D and Goldberg, Ken},
  booktitle={International Conference on Robotics and Automation (ICRA) },
  year={2016},
}

@article{hugo,
  title={Optimization as a model for few-shot learning},
  author={Ravi, Sachin and Larochelle, Hugo},
  journal={International Conference on Learning Representations (ICLR)},
  year={2017}
}

@inproceedings{mann,
  title={Meta-learning with memory-augmented neural networks},
  author={Santoro, Adam and Bartunov, Sergey and Botvinick, Matthew and Wierstra, Daan and Lillicrap, Timothy},
  booktitle={International Conference on Machine Learning (ICML)},
  year={2016}
}


@article{imitation_survey,
  title={Computational approaches to motor learning by imitation},
  author={Schaal, Stefan and Ijspeert, Auke and Billard, Aude},
  journal={Philosophical Transactions of the Royal Society of London B: Biological Sciences},
  year={2003},
  publisher={The Royal Society}
}


@article{pierre,
  title={Unsupervised Perceptual Rewards for Imitation Learning},
  author={Sermanet, Pierre and Xu, Kelvin and Levine, Sergey},
  journal={arXiv preprint arXiv:1612.06699},
  year={2016},
}

@article{nvidia,
  title={End to end learning for self-driving cars},
  author={Bojarski, Mariusz and Del Testa, Davide and Dworakowski, Daniel and Firner, Bernhard and Flepp, Beat and Goyal, Prasoon and Jackel, Lawrence and Monfort, Matthew and Muller, Urs and Zhang, Jiakai and Zhang, Xin and Zhao, Jake and Zieba, Karol},
  journal={arXiv preprint arXiv:1604.07316},
  year={2016},
}

@article{e2e,
  title={End-to-End Learning of Deep Visuomotor Policies},
  author={Levine, Sergey and Finn, Chelsea and Darrell, Trevor and Abbeel, Pieter},
  journal={Journal of Machine Learning Research (JMLR)},
  year={2016},
}
@inproceedings{alvinn,
   year = {1989},
   author = "D. Pomerleau",
   title = "{ALVINN:} An Autonomous Land Vehicle In a Neural Network",
   booktitle = "Advances in Neural Information Processing Systems (NIPS)",
}

@article{ropes,
  title={Combining Self-Supervised Learning and Imitation for Vision-Based Rope Manipulation},
  author={Nair, Ashvin and Agarwal, Pulkit and Chen, Dian and Isola, Phillip and Abbeel, Pieter and Levine, Sergey},
  journal={International Conference on Robotics and Automation (ICRA)},
  year={2017},
}

@article{third_person,
  title={Third-person imitation learning},
  author={Stadie, Bradly and Abbeel, Pieter and Sutskever, Ilya},
  journal={International Conference on Learning Representations (ICLR)},
  year={2017},
}

@article{maml,
  title={Model-Agnostic Meta-Learning for Fast Adaptation of Deep Networks},
  author={Finn, Chelsea and Abbeel, Pieter and Levine, Sergey},
  journal={International Conference on Machine Learning (ICML)},
  year={2017},
}



@article{McGeer01041990,
  author = {McGeer, Tad}, 
  title = {\href{http://ijr.sagepub.com/content/9/2/62.abstract}{Passive Dynamic Walking}}, 
  year = {1990}, 
  doi = {10.1177/027836499000900206}, 
  journal = {The International Journal of Robotics Research}
}

@article{kalman1960new,
  title={A new approach to linear filtering and prediction problems},
  author={Kalman, R.E.},
  journal={Journal of Basic Engineering},
  year={1960},
  publisher={Citeseer}
}


@article{ADAM,
  author    = {Diederik P. Kingma and
               Jimmy Ba},
  title     = {Adam: {A} Method for Stochastic Optimization},
  journal   = {CoRR},
  volume    = {abs/1412.6980},
  year      = {2014},
  timestamp = {Wed, 07 Jun 2017 14:40:52 +0200},
  bibsource = {dblp computer science bibliography, http://dblp.org}
}

@article{Tassa, 
author={Guang Li and B. Lennox and Zhengtao Ding}, 
booktitle={2005 International Conference on Control and Automation}, 
title={Infinite horizon model predictive control for tracking problems}, 
year={2005}, 
volume={1}, 
keywords={infinite horizon;predictive control;tracking;constrained infinite horizon model predictive control;linear quadratic tracking;nominal model predictive control;set-point tracking;tracking problem;Constraint optimization;Control systems;Cost function;Equations;Infinite horizon;Predictive control;Predictive models;Regulators;Robust stability;Sampling methods}, 
doi={10.1109/ICCA.2005.1528173}, 
ISSN={1948-3449}, 
month={June},}